% Encoding: UTF-8

@Article{Megiddo1983,
  author    = {Nimrod Megiddo},
  journal   = {{SIAM} Journal on Computing},
  title     = {Linear-Time Algorithms for Linear Programming in {\textdollar}R{\^{}}3 {\textdollar} and Related Problems},
  year      = {1983},
  month     = {nov},
  number    = {4},
  pages     = {759--776},
  volume    = {12},
  doi       = {10.1137/0212052},
  publisher = {Society for Industrial {\&} Applied Mathematics ({SIAM})},
}

@Book{Goessner2016,
  author    = {Gössner, Stefan},
  publisher = {Logos Verlag Berlin GmbH},
  title     = {Mechanismentechnik vektorielle Analyse ebener Mechanismen},
  year      = {2016},
  address   = {Berlin},
  isbn      = {9783832543624},
}

@Book{JuergenHedderich2020,
  author    = {Jürgen Hedderich, Lothar Sachs},
  publisher = {Springer-Verlag GmbH},
  title     = {Angewandte Statistik},
  year      = {2020},
  month     = oct,
  ean       = {9783662622940},
  pagetotal = {1054},
  url       = {https://www.ebook.de/de/product/40029793/juergen_hedderich_lothar_sachs_angewandte_statistik.html},
}

@Comment{jabref-meta: databaseType:bibtex;}
